@Misc{Berghaus2022a,
  author     = {Berghaus, Margot},
  title      = {Luhmann leicht gemacht},
  year       = {2022},
  address    = {Köln ; Wien},
  edition    = {4., überarbeitete und ergänzte Auflage},
  isbn       = {9783825257736},
  pagetotal  = {314},
  publisher  = {{Böhlau Verlag}},
  series     = {utb},
  subtitle   = {eine Einführung in die Systemtheorie},
  titleaddon = {Margot Berghaus},
  volume     = {2360 : Soziologie. Kommunikationswissenschaft. Medien- und Geisteswissenschaften},
}

@Misc{Kornmeier2007,
  author     = {Kornmeier, Martin},
  title      = {Wissenschaftstheorie und wissenschaftliches Arbeiten},
  year       = {2007},
  address    = {Heidelberg},
  isbn       = {9783790819182},
  pagetotal  = {225},
  publisher  = {{Physica-Verlag}},
  series     = {BA kompakt},
  subtitle   = {eine Einführung für Wirtschaftswissenschaftler},
  titleaddon = {Martin Kornmeier},
}

@Misc{Helfrich2024,
  author     = {Helfrich, Hede},
  title      = {Wissenschaftstheorie für Betriebswirtschaftler},
  year       = {2024},
  address    = {Wiesbaden},
  edition    = {2. Auflage},
  isbn       = {9783658452391},
  pagetotal  = {240},
  publisher  = {{Springer}},
  titleaddon = {Hede Helfrich},
}

@Misc{Anicker2024,
  title      = {Die Praxis soziologischer Theoriebildung},
  year       = {2024},
  address    = {Wiesbaden},
  editor     = {Anicker, Fabian and Armbruster, André},
  file       = {ParsedFileField{description='', link='https://doi.org/10.1007/978-3-658-44055-8', fileType='PDF'}},
  isbn       = {9783658440558},
  issn       = {2731-4707},
  pagetotal  = {435},
  publisher  = {{Springer VS}},
  series     = {Neue soziologische Theorie},
  titleaddon = {Fabian Anicker, André Armbruster (Hrsg.)},
}

@Misc{Neuberger2006,
  author     = {Neuberger, Oswald},
  title      = {Mikropolitik und Moral in Organisationen},
  year       = {2006},
  address    = {Stuttgart},
  edition    = {2. Aufl.},
  file       = {ParsedFileField{description='', link='https://elibrary.utb.de/doi/book/10.36198/9783838527437', fileType='PDF'}},
  isbn       = {9783838527437},
  publisher  = {{UTB GmbH}},
  series     = {UTB M},
  subtitle   = {Herausforderung der Ordnung},
  titleaddon = {Oswald Neuberger},
}

@Book{Schreyoegg2016,
  author    = {Schreyögg, Georg},
  editor    = {Daniel Geiger},
  publisher = {Imprint: Springer Gabler},
  title     = {Organisation},
  year      = {2016},
  address   = {Wiesbaden},
  edition   = {6th ed. 2016.},
  isbn      = {9783834944856},
  series    = {Springer eBook Collection},
  pagetotal = {1556},
  ppn_gvk   = {1697215580},
  subtitle  = {Grundlagen moderner Organisationsgestaltung. Mit Fallstudien},
}

@Book{Doerr2018,
  author    = {Doerr, John},
  editor    = {Klaus Möller and Tobias Flinspach and Stefano L. Saeger},
  publisher = {Franz Vahlen},
  title     = {OKR},
  year      = {2018},
  address   = {München},
  edition   = {1. Auflage},
  isbn      = {9783800657742},
  note      = {Description based on publisher supplied metadata and other sources.},
  pagetotal = {1254},
  ppn_gvk   = {1833165594},
  subtitle  = {Objectives and key results: wie Sie Ziele, auf die es wirklich ankommt, entwickeln, messen und umsetzen},
}

@Book{2006,
  publisher = {Gabler Verlag},
  title     = {Bf-E},
  year      = {2006},
  isbn      = {3409103864},
  number    = {2},
  series    = {Gablers Wirtschaftslexikon},
  pagetotal = {4711010},
  ppn_gvk   = {1613432593},
}

@Book{Simon2023,
  author    = {Simon, Fritz B.},
  publisher = {Carl-Auer-Systeme Verlag und Verlagsbuchhandlung GmbH},
  title     = {Einführung in Systemtheorie und Konstruktivismus},
  year      = {2023},
  address   = {Heidelberg},
  edition   = {Zehnte Auflage},
  isbn      = {9783896705471},
  note      = {Literaturverzeichnis: Seite 117-119},
  series    = {Carl-Auer},
  pagetotal = {120},
  ppn_gvk   = {1881204995},
}

@Book{Ulrich2001,
  author    = {Ulrich, Hans},
  editor    = {Markus Schwaninger},
  publisher = {Haupt},
  title     = {Systemorientiertes Management},
  year      = {2001},
  address   = {Bern},
  edition   = {Studienausg.},
  isbn      = {3258063591},
  note      = {Literaturangaben},
  pagetotal = {599},
  ppn_gvk   = {330618210},
  subtitle  = {Das Werk von Hans Ulrich ; [Auszug aus dem Werk von Hans Ulrich]},
}

@Book{Pfeiffer1992,
  author    = {Pfeiffer, Werner and Weiß, Enno},
  publisher = {Schmidt},
  title     = {Lean Management},
  year      = {1992},
  address   = {Berlin Bielefeld München},
  isbn      = {3503033777},
  note      = {Literaturverz. S. 243 - 263},
  pagetotal = {263},
  ppn_gvk   = {12079635X},
  subtitle  = {Grundlagen der Führung und Organisation industrieller Unternehmen},
}

@Book{Patzak1982,
  author    = {Patzak, Gerold},
  publisher = {Springer Berlin Heidelberg},
  title     = {Systemtechnik - Planung komplexer innovativer Systeme},
  year      = {1982},
  address   = {Berlin, Heidelberg},
  isbn      = {9783642818936},
  ppn_gvk   = {775413267},
  subtitle  = {Grundlagen, Methoden, Techniken},
}

@Book{Luhmann2021,
  author    = {Luhmann, Niklas},
  publisher = {Suhrkamp},
  title     = {Soziale Systeme},
  year      = {2021},
  address   = {Frankfurt am Main},
  edition   = {18. Auflage},
  isbn      = {9783518282663},
  note      = {Hier auch später erschienene, unveränderte Nachdrucke},
  number    = {666},
  series    = {Suhrkamp-Taschenbuch Wissenschaft},
  pagetotal = {674},
  ppn_gvk   = {1796554731},
  subtitle  = {Grundriß einer allgemeinen Theorie},
}

@Book{Malik2009,
  author    = {Malik, Fredmund},
  publisher = {Haupt},
  title     = {Systemisches Management, Evolution, Selbstorganisation},
  year      = {2009},
  address   = {Bern},
  edition   = {Neuausg., (5. Aufl.)},
  isbn      = {9783258074948},
  note      = {Literaturverz. S. [313] - 324},
  pagetotal = {342},
  ppn_gvk   = {606202927},
  subtitle  = {Grundprobleme, Funktionsmechanismen und Lösungsansätze für komplexe Systeme},
}

@Book{Ropohl2009,
  author    = {Ropohl, Günter},
  publisher = {KIT Scientific Publishing},
  title     = {Allgemeine Technologie},
  year      = {2009},
  address   = {Karlsruhe},
  isbn      = {9783866443747},
  series    = {KIT Scientific Publishing},
  pagetotal = {1360},
  ppn_gvk   = {1832257401},
  subtitle  = {Eine Systemtheorie der Technik},
}

@Book{Willke2006,
  author    = {Willke, Helmut},
  title     = {Systemtheorie: Systemtheorie 1. Grundlagen: Eine Einführung in die Grundprobleme der Theorie sozialer Systeme},
  year      = {2006},
  address   = {[Erscheinungsort nicht ermittelbar]},
  edition   = {7., überarb. Aufl. mit einem Glossar},
  isbn      = {3828203515},
  number    = {1161},
  series    = {UTB},
  pagetotal = {272},
  ppn_gvk   = {1850018014},
  subtitle  = {Helmut},
}

@Book{Diesner2015,
  author    = {Diesner, Thomas},
  publisher = {Logos Verlag Berlin},
  title     = {Die Allgemeine Systemtheorie bei Ludwig von Bertalanffy},
  year      = {2015},
  address   = {Berlin},
  isbn      = {9783832541033},
  number    = {31},
  series    = {Berliner Studien zur Wissenschaftsphilosophie und Humanontogenetik},
  pagetotal = {1214},
  ppn_gvk   = {1885774400},
  subtitle  = {Eine Begründung interdisziplinärer Wissenschaftspraxis},
}

@Article{Schloss1,
  author = {Michael Schloss},
  title  = {Systemtheorie für Einsteiger},
  year   = {2010},
  url    = {http://litlog.uni-goettingen.de/systemtheorie-fur-einsteiger/},
}

@Book{Scherr2015,
  editor    = {Albert Scherr},
  publisher = {Beltz-Juventa},
  title     = {Systemtheorie und Differenzierungstheorie als Kritik},
  year      = {2015},
  address   = {Weinheim},
  isbn      = {9783779929703},
  note      = {Literaturangaben},
  series    = {Gesellschaftsforschung und Kritik},
  pagetotal = {288},
  ppn_gvk   = {1611774683},
  subtitle  = {Perspektiven in Anschluss an Niklas Luhmann},
}

@Misc{graeb,
  author  = {Claudius Gräbner},
  journal = {Journal of Contextual Economics 137 (2017), 193–226},
  title   = {The Complexity of Economies and Pluralism in Economics},
  year    = {2017},
  doi     = {http://doi.org/10.3790/jce.137.3.193},
  url     = {https://www.exploring-economics.org/de/entdecken/complexity-of-economies-and-pluralism-in-economics/},
}

@Misc{VenterVarma,
  author  = {Dennis Venter, Arpitha Varma},
  journal = {Exploring Economics},
  title   = {Think Complexity Economics is too Complicated? Then this is for you.},
  year    = {2023},
  url     = {https://www.exploring-economics.org/de/entdecken/easy-explanation-of-complexity-econ/},
}

@Misc{Ulrich1970,
  author     = {Ulrich, Hans},
  title      = {Die Unternehmung als produktives soziales System},
  year       = {1970},
  address    = {Bern [u.a.]},
  edition    = {2., überarb. Aufl.},
  pagetotal  = {355},
  publisher  = {{Haupt}},
  series     = {Schriftenreihe Unternehmung und Unternehmungsführung},
  subtitle   = {Grundlagen der allgemeinen Unternehmungslehre},
  titleaddon = {Hans Ulrich},
  volume     = {1},
}

@Comment{jabref-meta: databaseType:bibtex;}
